@misc{xu2019powerful,
      title={How Powerful are Graph Neural Networks?},
      author={Keyulu Xu and Weihua Hu and Jure Leskovec and Stefanie Jegelka},
      year={2019},
      eprint={1810.00826},
      archivePrefix={arXiv},
      primaryClass={cs.LG}
}
